@article{mainarticle,
  title={{Search for rare decays of Z and Higgs bosons to ${\rm J}/\psi$ and a photon in proton-proton collisions at $\sqrt{s} = 13 \textrm{ }\mathrm{TeV}$}},
  author={Sirunyan, Albert M and Tumasyan, Armen and Adam, Wolfgang and Ambrogi, Federico and Asilar, Ece and Bergauer, Thomas and Brandstetter, Johannes and Dragicevic, Marko and Er{\"o}, Janos and Del Valle, A Escalante and others},
  journal={The European Physical Journal C},
  volume={79},
  number={2},
  pages={1--27},
  year={2019},
  publisher={Springer}
}

@article{commissioningCMS,
  title={{The CMS experiment at the CERN LHC}},
  author={Adolphi, Roman and others},
  journal={Jinst},
  volume={803},
  pages={S08004},
  year={2008}
}

@article{commissioningATLAS,
  title={{The ATLAS experiment at the CERN large hadron collider}},
  author={Aad, Georges and Abat, E and Abdallah, Jasmin and Abdelalim, AA and Abdesselam, Abdelmalek and Abi, BA and Abolins, M and Abramowicz, H and Acerbi, E and Acharya, BS and others},
  journal={Journal of instrumentation},
  volume={3},
  number={S08003},
  year={2008},
  publisher={IOP Publishing}
}

@article{pythia,
  title={{An introduction to PYTHIA 8.2}},
  author={Sj{\"o}strand, Torbj{\"o}rn and Ask, Stefan and Christiansen, Jesper R and Corke, Richard and Desai, Nishita and Ilten, Philip and Mrenna, Stephen and Prestel, Stefan and Rasmussen, Christine O and Skands, Peter Z},
  journal={Computer physics communications},
  volume={191},
  pages={159--177},
  year={2015},
  publisher={Elsevier}
}

@techreport{paterno2004calculating,
  title={{Calculating efficiencies and their uncertainties}},
  author={Paterno, Marc},
  year={2004},
  institution={Fermi National Accelerator Lab.(FNAL), Batavia, IL (United States)}
}

@article{PhysRevD.88.053003,
  title = {{Higgs boson decays to quarkonia and the ${\rm H}\overline{{\rm c}}{\rm c}$ coupling}},
  author = {Bodwin, Geoffrey and Petriello, Frank and Stoynev, Stoyan and Velasco, Mayda},
  journal = {Phys. Rev. D},
  volume = {88},
  issue = {5},
  pages = {053003},
  numpages = {7},
  year = {2013},
  month = {Sep},
  publisher = {American Physical Society},
  doi = {10.1103/PhysRevD.88.053003},
  url = {https://link.aps.org/doi/10.1103/PhysRevD.88.053003}
}
